@thesis{Che02,
  author={N. Checka and K. Wilson},
  title={Person Tracking Using Audio-Video Sensor Fusion},
  year={2002},
  institution= {MIT Artificial Intelligence Laboratory, Cambridge, MA}
}

@Misc{Che02:Audio,
  title={\cite{Che02}, Section 4}
}

@thesis{CBM07,
  author={Marco Cristani and Manuele Bicego and Vittorio Murino},
  title={Audio-Visual Event Recognition in Surveillance Video Sequences},
  year={2007}  
}

@Misc{CBM07:Experiment,
  title={\cite{CBM07}, Section IV-A}
}

@Misc{CBM07:intro,
  title = {Ref.~\cite{CBM07}, Section I}
}

@thesis{Array:Video,
   title={Plan-view trajectory estimation with dense stereo background models},
   author={T. Darrell and D. Demirdjian and N.Checka and P. Felzenszwalb},
   year={2001}
}

@thesis{Array:Audio,
   title={Audio-video array source localization for perceptual user interfaces},
   author={K. Wilson and N. Checka and D. Demirdjian and T. Darrell},
   year={2001}
}

@thesis{Array:Setup,
   title={Audio-Video Array Source Separation for Perceptual User Interfaces},
   author={K. Wilson and N. Checka and D. Demirdjian and T. Darrell},
   year={2001}
}

@thesis{CSEG:Tracking,
   title={Adaptive background mixture models for real-time tracking},
   author={Chris Stauffer and Eric Grimson},
   year={1998}
}
@thesis{NHJ:Synchrony,
   title={Synchrony: A neuronal mechanism for attentional selection},
   author={ E. Niebur and S. Hsiao and K. Johnson},
   year={2002}
}

@thesis{Row:OMSS,
  author={Sam T. Roweis},
  title={One Microphone Source Separation},
  year={2000},
  institution= {Gatsby Unit, University College London}
}

@thesis{Pel:CASR,
  author={Vesa Peltonen},
  title={Computational  auditory  scene  recognition},
  year={2001},
  institution= {Tampere University of Technology, Finland}
}

@book{Mar:DSA,
  author={S. Marple},
  title={Digital Spectral Analysis},
  year={1987},
  publisher={Prentice-Hall}
}

@book{KNN:KNN,
  author={R. Duda and P. Hart and D. Stork},
  title={Pattern Classification},
  publisher={Wiley},
  year={2001}
}

@thesis{MJS:MMAV,
  author={Mark Barnard and Jean-Marc Odobez and Samy Bengio},
  title={Multi-Modal Audio-Visual Event Recognition for Football Analysis},
  year={2003},
}

@thesis{JD:ACD,
  author={A. Jain and R. Dubes},
  title={Algorithms for Clustering Data},
  year={1988},
}